@online{pydriller,
  author       = {Spadini, Davide},
  title        = {PyDriller Documentation},
  year         = {2024},
  url          = {https://pydriller.readthedocs.io/en/latest/intro.html},
}

@online{vulndetection,
  title        = {Vulnerability Detection Repository},
  url          = {https://github.com/LauraWartschinski/VulnerabilityDetection},
}

@online{nltk, 
  title        = {{NLTK} Documentation},
  url          = {https://www.nltk.org/data.html},
}

@online{owasp,
  author       = {{OWASP} community},
  title        = {{OWASP} Vulnerabilities},
  url          = {https://owasp.org/www-community/vulnerabilities/},
}