@software{django,
  author = {Django Software Foundation},
  title = {Django: The Web framework for perfectionists with deadlines},
  year = {2024},
  url = {https://www.djangoproject.com/}
}

@software{python,
  author = {Python Software Foundation},
  title = {Python: A powerful programming language for science and engineering},
  year = {2024},
  url = {https://www.python.org/}
}

@software{sqlite,
  author = {SQLite Consortium},
  title = {SQLite: The Most Used Database Engine in the World},
  year = {2024},
  url = {https://www.sqlite.org/}
}

@software{javascript,
  author = {Brendan Eich},
  title = {JavaScript: High-level, dynamic, untyped, and interpreted programming language},
  year = {2024},
  url = {https://developer.mozilla.org/en-US/docs/Web/JavaScript}
}

@software{html,
  author = {World Wide Web Consortium (W3C)},
  title = {HTML: HyperText Markup Language},
  year = {2024},
  url = {https://html.spec.whatwg.org/}
}

@software{css,
  author = {World Wide Web Consortium (W3C)},
  title = {CSS: Cascading Style Sheets},
  year = {2024},
  url = {https://www.w3.org/Style/CSS/}
}

@software{bootstrap,
  author = {Bootstrap Authors},
  title = {Bootstrap: The most popular HTML, CSS, and JS library in the world},
  year = {2024},
  url = {https://getbootstrap.com/}
}

@software{ajax,
  author = {Jesse James Garrett},
  title = {Ajax: Asynchronous JavaScript and XML},
  year = {2024},
  url = {https://developer.mozilla.org/en-US/docs/Web/Guide/AJAX}
}

@software{jquery,
  author = {jQuery Foundation},
  title = {jQuery: A fast, small, and feature-rich JavaScript library},
  year = {2024},
  url = {https://jquery.com/}
}

@software{gitpython,
  author = {GitPython Developers},
  title = {GitPython: A python library used to interact with Git repositories},
  year = {2024},
  url = {https://gitpython.readthedocs.io/}
}

@software{chatgpt,
  author = {OpenAI},
  title = {ChatGPT API},
  year = {2024},
  url = {https://www.openai.com/api/}
}

@misc{vulpy,
  author = {Fabio Portantier},
  title = {Vulpy: A Vulnerability Scanner Tool},
  year = {2024},
  url = {https://github.com/fportantier/vulpy}
}
