@online{beefproject,
    title = {BeEF - The Browser Exploitation Framework Project},
    howpublished = {\url{https://beefproject.com/}},
    note = {Accessed: 2024-06-05}
}

@online{zaproxy,
    author = {{OWASP ZAP}},
    title = {OWASP ZAP},
    howpublished = {\url{https://github.com/zaproxy/zaproxy}},
    note = {Accessed: 2024-06-05}
}

@online{burp,
    author = {PortSwigger},
    title = {Burp Suite Community Edition},
    howpublished = {\url{https://portswigger.net/burp/communitydownload}},
    note = {Accessed: 2024-06-05}
}

@online{sqlmap,
    author = {{sqlmap}},
    title = {sqlmap},
    howpublished = {\url{https://sqlmap.org/}},
    note = {Accessed: 2024-06-05}
}


